<?xml version="1.0" encoding="UTF-8"?><collection xmlns="http://www.loc.gov/MARC21/slim"><record><leader>00645nam--2200229-u-4500</leader><controlfield tag="001">000050624</controlfield><controlfield tag="002">20161230</controlfield><controlfield tag="003">81933</controlfield><controlfield tag="005">20161230201048</controlfield><controlfield tag="008">080218s1000------------r-----000-0-eng-d</controlfield><datafield ind1=" " ind2=" " tag="020"><subfield code="a">0321228111</subfield></datafield><datafield ind1=" " ind2=" " tag="040"><subfield code="a">IFIN-HH</subfield></datafield><datafield ind1="1" ind2=" " tag="100"><subfield code="a">Mattson, Timothy G</subfield></datafield><datafield ind1="1" ind2="0" tag="245"><subfield code="a">Patterns for Parallel Programming</subfield><subfield code="c">Timothy G. Mattson, Beverly A. Sandres, Berna L. Massingill</subfield></datafield><datafield ind1=" " ind2=" " tag="260"><subfield code="a">Boston</subfield><subfield code="b">Addison-Wesley</subfield><subfield code="c">2005</subfield></datafield><datafield ind1=" " ind2=" " tag="300"><subfield code="a">355 p</subfield></datafield><datafield ind1=" " ind2=" " tag="504"><subfield code="a">Bibliography and Index</subfield></datafield><datafield ind1=" " ind2="4" tag="650"><subfield code="a">Parallel programming</subfield></datafield><datafield ind1="1" ind2=" " tag="700"><subfield code="a">Beverly A. Sanders</subfield></datafield><datafield ind1=" " ind2="1" tag="700"><subfield code="a">Berna L. Massingill</subfield></datafield><datafield ind1=" " ind2=" " tag="852"><subfield code="a">81933</subfield><subfield code="c">681.3</subfield></datafield><datafield ind1=" " ind2=" " tag="CAT"><subfield code="a">Sys</subfield><subfield code="c">20080807</subfield><subfield code="h">093023</subfield></datafield></record></collection>